
@book{Poincare1952,
	author = {Henri Poincar\'e},
	date-added = {2022-09-22 12:40:48 -0600},
	date-modified = {2022-09-22 12:43:06 -0600},
	publisher = {Dover Publications, Inc.},
	title = {Science and Hypothesis},
	year = {1952 [1905]}}



@book{Cartwright1983,
	author = {Nancy Cartwright},
	date-added = {2022-09-28 13:17:10 -0600},
	date-modified = {2022-09-28 13:19:04 -0600},
	publisher = {Oxford University Press},
	title = {How the Laws of Physics Lie},
	year = {1983}}



@book{Cassirer1927,
	author = {Ernst Cassirer},
	date-added = {2023-07-15 22:45:33 -0600},
	date-modified = {2023-07-15 22:47:27 -0600},
	publisher = {Harper \& Row},
	title = {The Individual and the Cosmos in Renaissance Philosophy},
	year = {1963 (1927)}}



@book{Kilmister1994,
	author = {C. W. Kilmister},
	date-added = {2022-10-08 10:58:48 -0600},
	date-modified = {2022-10-08 10:59:52 -0600},
	publisher = {Cambridge University Press},
	title = {Eddington's Search for a Fundamental Theory: A Key to the Universe},
	year = {1994}}



@book{Eddington1939,
	author = {Arthur Eddington},
	date-added = {2022-10-09 15:03:07 -0600},
	date-modified = {2022-10-09 15:05:06 -0600},
	publisher = {The MacMillan Company},
	title = {The Philosophy of Physical Science},
	year = {1939}}



@book{Ryckman2005,
	author = {Thomas Ryckman},
	date-added = {2022-10-13 09:03:39 -0600},
	date-modified = {2022-10-13 09:04:28 -0600},
	publisher = {Oxford University Press},
	title = {The Reign of Relativity: Philosophy in Physics 1915-1925},
	year = {2005}}



@book{Harris1965,
	author = {Errol E. Harris},
	date-added = {2023-02-23 18:36:55 -0700},
	date-modified = {2023-02-23 18:40:52 -0700},
	publisher = {George Allen and Unwin LTD},
	title = {The Foundations of Metaphysics in Science},
	year = {1965}}



@book{Ladyman2002,
	author = {James Ladyman},
	date-added = {2023-02-23 19:31:42 -0700},
	date-modified = {2023-02-23 19:33:12 -0700},
	publisher = {Routledge},
	read = {1},
	title = {Understanding Philosophy of Science},
	year = {2002}}



@book{SchilppCassirer,
	date-added = {2023-02-24 10:32:16 -0700},
	date-modified = {2023-02-24 10:35:58 -0700},
	editor = {Paul Arthur Schilpp},
	publisher = {Open Court Publishing Company},
	title = {The Philosophy of Ernst Cassirer},
        series = {The Library of Living Philosophers},
	year = {1949}}



@incollection{WerkmeisterCassirer,
	author = {William H. Werkmeister},
	booktitle = {The Philosophy of Ernst Cassirer},
	date-added = {2023-02-24 11:45:22 -0700},
	date-modified = {2023-02-24 11:47:38 -0700},
	editor = {Paul Arthur Schilpp},
	publisher = {Open Court Publishing Company},
	series = {The Library of Living Philosophers},
	title = {Cassirer's Advance Beyond Neo-Kantianism},
	year = {1949}}



@article{Adorno1940,
	author = {Theodore W. Adorno},
	date-added = {2023-02-24 13:33:29 -0700},
	date-modified = {2023-02-24 13:34:10 -0700},
	issn = {0022362X},
	journal = {The Journal of Philosophy},
	number = {1},
	pages = {5--18},
	publisher = {Journal of Philosophy, Inc.},
	title = {Husserl and the Problem of Idealism},
	url = {http://www.jstor.org/stable/2017136},
	volume = {37},
	year = {1940}}



@article{Clifford1878,
	author = {Clifford, W. K.},
	date-added = {2023-02-24 13:38:31 -0700},
	date-modified = {2023-02-24 13:38:31 -0700},
	issn = {0026-4423},
	journal = {Mind},
	number = {9},
	pages = {57-67},
	title = {On the Nature of Things-In-Themselves},
	url = {https://doi.org/10.1093/mind/os-3.9.57},
	volume = {os-3},
	year = {1878},
	Bdsk-Url-1 = {https://doi.org/10.1093/mind/os-3.9.57}}




@book{Ewing1934,
	author = {A. C. Ewing},
	date-added = {2023-02-24 13:41:41 -0700},
	date-modified = {2023-02-24 13:44:23 -0700},
	publisher = {Methuen and Co. Ltd.},
	title = {Idealism: A Critical Survey},
	year = {1974 [1934]}}




@book{KantProlegomena,
	author = {Immanuel Kant},
	date-added = {2024-03-03 20:57:37 -0700},
	date-modified = {2024-03-03 21:00:55 -0700},
	editor = {Paul Carus and James Ellington},
	publisher = {Hackett Publishing Company, Inc.},
	title = {Prolegomena To Any Future Metaphysics That Will Be Able To Come Forward As Science},
	year = {1977}}




@article{deFinetti1981a,
	annote = {quick comments from de Finetti on proper scoring.  comments on 'inventing' proper scoring after, but independently from masanao toda and mac charty},
	author = {Bruno de Finetti},
	date-added = {2013-06-27 12:40:41 +0200},
	date-modified = {2013-06-27 15:25:36 +0200},
	journal = {The British Journal for the Philosophy of Science},
	month = {March},
	number = {No. 1},
	pages = {pp. 55-56},
	rating = {4},
	read = {1},
	title = {The {Role of Dutch Books and of Proper Scoring Rules}},
	volume = {Vol. 32},
	year = {1981},
	Bdsk-File-1 = {YnBsaXN0MDDSAQIDBFxyZWxhdGl2ZVBhdGhZYWxpYXNEYXRhXxBXLi4vUGhpbG9zb3BoeSBvZiBTY2llbmNlL1BoaWxvc29waHkgb2YgUHJvYmFiaWxpdHkvSGlzdG9yeSBvZiBQcm9wZXIgU2NvcmluZy82ODczODYucGRmTxECFgAAAAACFgACAAAMTWFjaW50b3NoIEhEAAAAAAAAAAAAAAAAAAAAw+NjGkgrAAAAcJoYCjY4NzM4Ni5wZGYAAAAAAAAAAAAAAAAAAAAAAAAAAAAAAAAAAAAAAAAAAAAAAAAAAAAAAAAAAAAAAAAAAAAAAABwlU7N8cl1AAAAAAAAAAAAAQAEAAAJIAAAAAAAAAAAAAAAAAAAABlIaXN0b3J5IG9mIFByb3BlciBTY29yaW5nAAAQAAgAAMPjVQoAAAARAAgAAM3xrVUAAAABABgAcJoYAG3z+QEfoJwAC7uXAAu7ggAAetwAAgB1TWFjaW50b3NoIEhEOlVzZXJzOkJlZWJzOkRlc2t0b3A6UGhpbG9zb3BoeSBvZiBTY2llbmNlOlBoaWxvc29waHkgb2YgUHJvYmFiaWxpdHk6SGlzdG9yeSBvZiBQcm9wZXIgU2NvcmluZzo2ODczODYucGRmAAAOABYACgA2ADgANwAzADgANgAuAHAAZABmAA8AGgAMAE0AYQBjAGkAbgB0AG8AcwBoACAASABEABIAaFVzZXJzL0JlZWJzL0Rlc2t0b3AvUGhpbG9zb3BoeSBvZiBTY2llbmNlL1BoaWxvc29waHkgb2YgUHJvYmFiaWxpdHkvSGlzdG9yeSBvZiBQcm9wZXIgU2NvcmluZy82ODczODYucGRmABMAAS8AABUAAgAM//8AAAAIAA0AGgAkAH4AAAAAAAACAQAAAAAAAAAFAAAAAAAAAAAAAAAAAAACmA==}}

@book{deFinetti1990,
	author = {Bruno de Finetti},
	date-added = {2013-07-28 16:59:41 +0200},
	date-modified = {2013-07-28 17:12:45 +0200},
	publisher = {John Wiley and Sons},
	title = {Theory of Probability},
	volume = {Vol. 1},
	year = {1990}}

@book{deFinetti2008,
	author = {Bruno de Finetti},
	date-added = {2013-07-10 08:49:34 +0200},
	date-modified = {2013-07-10 08:52:16 +0200},
	editor = {Alberto Mura},
	publisher = {Springer},
	rating = {5},
	read = {1},
	title = {Philosophical Lectures on Probability},
	year = {2008},
	Bdsk-File-1 = {YnBsaXN0MDDSAQIDBFxyZWxhdGl2ZVBhdGhZYWxpYXNEYXRhXxB8Li4vUGhpbG9zb3BoeSBvZiBTY2llbmNlL1BoaWxvc29waHkgb2YgUHJvYmFiaWxpdHkvUHJvYmFiaWxpdHlfUmVhZGluZ3MvZGVfRmluZXR0aS1QaGlsb3NvcGhpY2FsX0xlY3R1cmVzX29uX1Byb2JhYmlsaXR5LnBkZk8RApoAAAAAApoAAgAADE1hY2ludG9zaCBIRAAAAAAAAAAAAAAAAAAAAMPjYxpIKwAAAG30Cx9kZV9GaW5ldHRpLVBoaWxvc29waCM2REY0MEQucGRmAAAAAAAAAAAAAAAAAAAAAAAAAAAAAAAAAAAAAAAAAAAAbfQNzIvCqAAAAAAAAAAAAAEABAAACSAAAAAAAAAAAAAAAAAAAAAUUHJvYmFiaWxpdHlfUmVhZGluZ3MAEAAIAADD41UKAAAAEQAIAADMi6aIAAAAAQAYAG30CwBt8/kBH6CcAAu7lwALu4IAAHrcAAIAhU1hY2ludG9zaCBIRDpVc2VyczpCZWViczpEZXNrdG9wOlBoaWxvc29waHkgb2YgU2NpZW5jZTpQaGlsb3NvcGh5IG9mIFByb2JhYmlsaXR5OlByb2JhYmlsaXR5X1JlYWRpbmdzOmRlX0ZpbmV0dGktUGhpbG9zb3BoIzZERjQwRC5wZGYAAA4AagA0AGQAZQBfAEYAaQBuAGUAdAB0AGkALQBQAGgAaQBsAG8AcwBvAHAAaABpAGMAYQBsAF8ATABlAGMAdAB1AHIAZQBzAF8AbwBuAF8AUAByAG8AYgBhAGIAaQBsAGkAdAB5AC4AcABkAGYADwAaAAwATQBhAGMAaQBuAHQAbwBzAGgAIABIAEQAEgCNVXNlcnMvQmVlYnMvRGVza3RvcC9QaGlsb3NvcGh5IG9mIFNjaWVuY2UvUGhpbG9zb3BoeSBvZiBQcm9iYWJpbGl0eS9Qcm9iYWJpbGl0eV9SZWFkaW5ncy9kZV9GaW5ldHRpLVBoaWxvc29waGljYWxfTGVjdHVyZXNfb25fUHJvYmFiaWxpdHkucGRmAAATAAEvAAAVAAIADP//AAAACAANABoAJACjAAAAAAAAAgEAAAAAAAAABQAAAAAAAAAAAAAAAAAAA0E=}}



@book{Carnap1966,
	author = {Rudolf Carnap},
	date-added = {2024-02-27 09:49:56 -0700},
	date-modified = {2024-02-27 09:51:34 -0700},
	editor = {Martin Gardner},
	publisher = {Basic Books, Inc.},
	title = {Philosophical Foundations of Physics},
	year = {1966}}



@book{Riezler1940,
	author = {Kurt Riezler},
	date-added = {2023-10-12 20:52:48 -0600},
	date-modified = {2023-10-12 20:54:24 -0600},
	publisher = {Yale University Press},
	read = {1},
	title = {Physics and Reality},
	year = {1940}}


@book{Torretti1999,
	author = {Roberto Torretti},
	date-added = {2023-02-24 13:54:38 -0700},
	date-modified = {2023-02-24 13:55:58 -0700},
	publisher = {Cambridge University Press},
	title = {The Philosophy of Physics},
	year = {1999}}



@book{Weyl1949,
	author = {Hermann Weyl},
	date-added = {2023-02-24 20:20:19 -0700},
	date-modified = {2023-02-24 20:21:24 -0700},
	publisher = {Princeton University Press},
	title = {Philosophy of Mathematics and Natural Science},
	year = {1949}}




@book{Zahar2001,
	author = {Elie Zahar},
	date-added = {2023-02-24 21:19:57 -0700},
	date-modified = {2023-02-24 21:24:49 -0700},
	publisher = {Open Court Publishing Company},
	title = {{Poincar\'e's Philosophy: From Conventionalism to Phenomenology}},
	year = {2001}}

@book{Zahar2007,
	author = {Elie Zahar},
	date-added = {2023-02-24 21:23:39 -0700},
	date-modified = {2023-02-24 21:24:19 -0700},
	publisher = {Open Court Publishing Company},
	title = {Why Science Needs Metaphysics: A Plea for Structural Realism},
	year = {2007}}
